%YAML 1.1
%TAG !u! tag:unity3d.com,2011:
--- !u!1 &116667870794612580
GameObject:
  m_ObjectHideFlags: 0
  m_CorrespondingSourceObject: {fileID: 0}
  m_PrefabInstance: {fileID: 0}
  m_PrefabAsset: {fileID: 0}
  serializedVersion: 6
  m_Component:
  - component: {fileID: 4891550621263567865}
  - component: {fileID: 6403841968103103196}
  m_Layer: 7
  m_Name: GameObject (8)
  m_TagString: Untagged
  m_Icon: {fileID: 0}
  m_NavMeshLayer: 0
  m_StaticEditorFlags: 0
  m_IsActive: 1
--- !u!4 &4891550621263567865
Transform:
  m_ObjectHideFlags: 0
  m_CorrespondingSourceObject: {fileID: 0}
  m_PrefabInstance: {fileID: 0}
  m_PrefabAsset: {fileID: 0}
  m_GameObject: {fileID: 116667870794612580}
  m_LocalRotation: {x: 0.41299954, y: -0.000000031239384, z: 0.0000000041508823, w: 0.91073126}
  m_LocalPosition: {x: 0.20000076, y: 0.09099999, z: 0.13100004}
  m_LocalScale: {x: 1, y: 1, z: 1}
  m_ConstrainProportionsScale: 0
  m_Children: []
  m_Father: {fileID: 224089001036799991}
  m_RootOrder: -1
  m_LocalEulerAnglesHint: {x: 48.787, y: 0, z: 0}
--- !u!65 &6403841968103103196
BoxCollider:
  m_ObjectHideFlags: 0
  m_CorrespondingSourceObject: {fileID: 0}
  m_PrefabInstance: {fileID: 0}
  m_PrefabAsset: {fileID: 0}
  m_GameObject: {fileID: 116667870794612580}
  m_Material: {fileID: 0}
  m_IncludeLayers:
    serializedVersion: 2
    m_Bits: 0
  m_ExcludeLayers:
    serializedVersion: 2
    m_Bits: 0
  m_LayerOverridePriority: 0
  m_IsTrigger: 0
  m_ProvidesContacts: 0
  m_Enabled: 1
  serializedVersion: 3
  m_Size: {x: 0.01, y: 0.020452619, z: 0.18867739}
  m_Center: {x: -8.8140415e-17, y: 6.118003e-10, z: 0.019338675}
--- !u!1 &273901503971941188
GameObject:
  m_ObjectHideFlags: 0
  m_CorrespondingSourceObject: {fileID: 0}
  m_PrefabInstance: {fileID: 0}
  m_PrefabAsset: {fileID: 0}
  serializedVersion: 6
  m_Component:
  - component: {fileID: 8021932182378012089}
  - component: {fileID: 1545652592536416349}
  m_Layer: 7
  m_Name: GameObject (12)
  m_TagString: Untagged
  m_Icon: {fileID: 0}
  m_NavMeshLayer: 0
  m_StaticEditorFlags: 0
  m_IsActive: 1
--- !u!4 &8021932182378012089
Transform:
  m_ObjectHideFlags: 0
  m_CorrespondingSourceObject: {fileID: 0}
  m_PrefabInstance: {fileID: 0}
  m_PrefabAsset: {fileID: 0}
  m_GameObject: {fileID: 273901503971941188}
  m_LocalRotation: {x: 0.968615, y: -0.000000016333232, z: 0.000000026950971, w: 0.2485662}
  m_LocalPosition: {x: 0.187, y: 0.303, z: 0.122}
  m_LocalScale: {x: 1, y: 1, z: 1}
  m_ConstrainProportionsScale: 0
  m_Children: []
  m_Father: {fileID: 8510528408019836160}
  m_RootOrder: -1
  m_LocalEulerAnglesHint: {x: 151.215, y: 0, z: 0}
--- !u!65 &1545652592536416349
BoxCollider:
  m_ObjectHideFlags: 0
  m_CorrespondingSourceObject: {fileID: 0}
  m_PrefabInstance: {fileID: 0}
  m_PrefabAsset: {fileID: 0}
  m_GameObject: {fileID: 273901503971941188}
  m_Material: {fileID: 0}
  m_IncludeLayers:
    serializedVersion: 2
    m_Bits: 0
  m_ExcludeLayers:
    serializedVersion: 2
    m_Bits: 0
  m_LayerOverridePriority: 0
  m_IsTrigger: 0
  m_ProvidesContacts: 0
  m_Enabled: 1
  serializedVersion: 3
  m_Size: {x: 0.01, y: 0.028699765, z: 0.23283437}
  m_Center: {x: -5.0536546e-18, y: -0.0049309004, z: -0.00273978}
--- !u!1 &329529505323655507
GameObject:
  m_ObjectHideFlags: 0
  m_CorrespondingSourceObject: {fileID: 0}
  m_PrefabInstance: {fileID: 0}
  m_PrefabAsset: {fileID: 0}
  serializedVersion: 6
  m_Component:
  - component: {fileID: 6194570569785315990}
  - component: {fileID: 6733929019706648409}
  m_Layer: 7
  m_Name: GameObject (5)
  m_TagString: Untagged
  m_Icon: {fileID: 0}
  m_NavMeshLayer: 0
  m_StaticEditorFlags: 0
  m_IsActive: 1
--- !u!4 &6194570569785315990
Transform:
  m_ObjectHideFlags: 0
  m_CorrespondingSourceObject: {fileID: 0}
  m_PrefabInstance: {fileID: 0}
  m_PrefabAsset: {fileID: 0}
  m_GameObject: {fileID: 329529505323655507}
  m_LocalRotation: {x: 0.51756984, y: -0.000000030531428, z: 0.00000000780775, w: 0.855641}
  m_LocalPosition: {x: 0.20000076, y: 0.494, z: -0.15600014}
  m_LocalScale: {x: 1, y: 1, z: 1}
  m_ConstrainProportionsScale: 0
  m_Children: []
  m_Father: {fileID: 224089001036799991}
  m_RootOrder: -1
  m_LocalEulerAnglesHint: {x: 62.339, y: 0, z: 0}
--- !u!65 &6733929019706648409
BoxCollider:
  m_ObjectHideFlags: 0
  m_CorrespondingSourceObject: {fileID: 0}
  m_PrefabInstance: {fileID: 0}
  m_PrefabAsset: {fileID: 0}
  m_GameObject: {fileID: 329529505323655507}
  m_Material: {fileID: 0}
  m_IncludeLayers:
    serializedVersion: 2
    m_Bits: 0
  m_ExcludeLayers:
    serializedVersion: 2
    m_Bits: 0
  m_LayerOverridePriority: 0
  m_IsTrigger: 0
  m_ProvidesContacts: 0
  m_Enabled: 1
  serializedVersion: 3
  m_Size: {x: 0.01, y: 0.020452619, z: 0.27}
  m_Center: {x: 0, y: 0, z: 0}
--- !u!1 &564074439541152301
GameObject:
  m_ObjectHideFlags: 0
  m_CorrespondingSourceObject: {fileID: 0}
  m_PrefabInstance: {fileID: 0}
  m_PrefabAsset: {fileID: 0}
  serializedVersion: 6
  m_Component:
  - component: {fileID: 5639021430925020944}
  - component: {fileID: 6923342997825682958}
  m_Layer: 7
  m_Name: GameObject (3)
  m_TagString: Untagged
  m_Icon: {fileID: 0}
  m_NavMeshLayer: 0
  m_StaticEditorFlags: 0
  m_IsActive: 1
--- !u!4 &5639021430925020944
Transform:
  m_ObjectHideFlags: 0
  m_CorrespondingSourceObject: {fileID: 0}
  m_PrefabInstance: {fileID: 0}
  m_PrefabAsset: {fileID: 0}
  m_GameObject: {fileID: 564074439541152301}
  m_LocalRotation: {x: 0.563418, y: -0.000000030060704, z: 0.00000000945956, w: 0.82617205}
  m_LocalPosition: {x: -0, y: 0.71, z: -0.254}
  m_LocalScale: {x: 1, y: 1, z: 1}
  m_ConstrainProportionsScale: 0
  m_Children: []
  m_Father: {fileID: 8510528408019836160}
  m_RootOrder: -1
  m_LocalEulerAnglesHint: {x: 68.585, y: 0, z: 0}
--- !u!65 &6923342997825682958
BoxCollider:
  m_ObjectHideFlags: 0
  m_CorrespondingSourceObject: {fileID: 0}
  m_PrefabInstance: {fileID: 0}
  m_PrefabAsset: {fileID: 0}
  m_GameObject: {fileID: 564074439541152301}
  m_Material: {fileID: 0}
  m_IncludeLayers:
    serializedVersion: 2
    m_Bits: 0
  m_ExcludeLayers:
    serializedVersion: 2
    m_Bits: 0
  m_LayerOverridePriority: 0
  m_IsTrigger: 0
  m_ProvidesContacts: 0
  m_Enabled: 1
  serializedVersion: 3
  m_Size: {x: 0.4, y: 0.020452619, z: 0.31}
  m_Center: {x: 0, y: 0, z: 0}
--- !u!1 &734450309024540740
GameObject:
  m_ObjectHideFlags: 0
  m_CorrespondingSourceObject: {fileID: 0}
  m_PrefabInstance: {fileID: 0}
  m_PrefabAsset: {fileID: 0}
  serializedVersion: 6
  m_Component:
  - component: {fileID: 224089001036799991}
  m_Layer: 7
  m_Name: GameObject (10)
  m_TagString: Untagged
  m_Icon: {fileID: 0}
  m_NavMeshLayer: 0
  m_StaticEditorFlags: 0
  m_IsActive: 1
--- !u!4 &224089001036799991
Transform:
  m_ObjectHideFlags: 0
  m_CorrespondingSourceObject: {fileID: 0}
  m_PrefabInstance: {fileID: 0}
  m_PrefabAsset: {fileID: 0}
  m_GameObject: {fileID: 734450309024540740}
  m_LocalRotation: {x: 0, y: 0, z: 0, w: 1}
  m_LocalPosition: {x: -0.396, y: 0, z: 0}
  m_LocalScale: {x: 1, y: 1, z: 1}
  m_ConstrainProportionsScale: 0
  m_Children:
  - {fileID: 5685062888759172587}
  - {fileID: 6194570569785315990}
  - {fileID: 5081561693320015406}
  - {fileID: 462700308946134218}
  - {fileID: 4891550621263567865}
  m_Father: {fileID: 8510528408019836160}
  m_RootOrder: -1
  m_LocalEulerAnglesHint: {x: 0, y: 0, z: 0}
--- !u!1 &1150834514836994227
GameObject:
  m_ObjectHideFlags: 0
  m_CorrespondingSourceObject: {fileID: 0}
  m_PrefabInstance: {fileID: 0}
  m_PrefabAsset: {fileID: 0}
  serializedVersion: 6
  m_Component:
  - component: {fileID: 9059106517976072292}
  - component: {fileID: 9041025794745763977}
  m_Layer: 7
  m_Name: GameObject (2)
  m_TagString: Untagged
  m_Icon: {fileID: 0}
  m_NavMeshLayer: 0
  m_StaticEditorFlags: 0
  m_IsActive: 1
--- !u!4 &9059106517976072292
Transform:
  m_ObjectHideFlags: 0
  m_CorrespondingSourceObject: {fileID: 0}
  m_PrefabInstance: {fileID: 0}
  m_PrefabAsset: {fileID: 0}
  m_GameObject: {fileID: 1150834514836994227}
  m_LocalRotation: {x: -0.21762207, y: -0.000000027456995, z: -0.00000001546747, w: 0.97603315}
  m_LocalPosition: {x: -0, y: 0.3676, z: -0.0696}
  m_LocalScale: {x: 1, y: 1, z: 1}
  m_ConstrainProportionsScale: 0
  m_Children: []
  m_Father: {fileID: 8510528408019836160}
  m_RootOrder: -1
  m_LocalEulerAnglesHint: {x: -25.139, y: 0, z: 0}
--- !u!65 &9041025794745763977
BoxCollider:
  m_ObjectHideFlags: 0
  m_CorrespondingSourceObject: {fileID: 0}
  m_PrefabInstance: {fileID: 0}
  m_PrefabAsset: {fileID: 0}
  m_GameObject: {fileID: 1150834514836994227}
  m_Material: {fileID: 0}
  m_IncludeLayers:
    serializedVersion: 2
    m_Bits: 0
  m_ExcludeLayers:
    serializedVersion: 2
    m_Bits: 0
  m_LayerOverridePriority: 0
  m_IsTrigger: 0
  m_ProvidesContacts: 0
  m_Enabled: 1
  serializedVersion: 3
  m_Size: {x: 0.4, y: 0.020452619, z: 0.08}
  m_Center: {x: 0, y: 0, z: 0}
--- !u!1 &1237322287945524626
GameObject:
  m_ObjectHideFlags: 0
  m_CorrespondingSourceObject: {fileID: 0}
  m_PrefabInstance: {fileID: 0}
  m_PrefabAsset: {fileID: 0}
  serializedVersion: 6
  m_Component:
  - component: {fileID: 8569320943556729636}
  - component: {fileID: 7799072908126502622}
  m_Layer: 7
  m_Name: GameObject (5)
  m_TagString: Untagged
  m_Icon: {fileID: 0}
  m_NavMeshLayer: 0
  m_StaticEditorFlags: 0
  m_IsActive: 1
--- !u!4 &8569320943556729636
Transform:
  m_ObjectHideFlags: 0
  m_CorrespondingSourceObject: {fileID: 0}
  m_PrefabInstance: {fileID: 0}
  m_PrefabAsset: {fileID: 0}
  m_GameObject: {fileID: 1237322287945524626}
  m_LocalRotation: {x: -0.9035771, y: -0, z: -0, w: 0.42842567}
  m_LocalPosition: {x: 0, y: 0.0717, z: 0.1425}
  m_LocalScale: {x: 1, y: 1, z: 1}
  m_ConstrainProportionsScale: 0
  m_Children: []
  m_Father: {fileID: 8510528408019836160}
  m_RootOrder: -1
  m_LocalEulerAnglesHint: {x: -129.265, y: 0, z: 0}
--- !u!65 &7799072908126502622
BoxCollider:
  m_ObjectHideFlags: 0
  m_CorrespondingSourceObject: {fileID: 0}
  m_PrefabInstance: {fileID: 0}
  m_PrefabAsset: {fileID: 0}
  m_GameObject: {fileID: 1237322287945524626}
  m_Material: {fileID: 0}
  m_IncludeLayers:
    serializedVersion: 2
    m_Bits: 0
  m_ExcludeLayers:
    serializedVersion: 2
    m_Bits: 0
  m_LayerOverridePriority: 0
  m_IsTrigger: 0
  m_ProvidesContacts: 0
  m_Enabled: 1
  serializedVersion: 3
  m_Size: {x: 0.3798313, y: 0.01954357, z: 0.030808829}
  m_Center: {x: 0.0037927628, y: -0.0004482598, z: -0.0067125782}
--- !u!1 &1284089617674557975
GameObject:
  m_ObjectHideFlags: 0
  m_CorrespondingSourceObject: {fileID: 0}
  m_PrefabInstance: {fileID: 0}
  m_PrefabAsset: {fileID: 0}
  serializedVersion: 6
  m_Component:
  - component: {fileID: 5081561693320015406}
  - component: {fileID: 6919174411592713195}
  m_Layer: 7
  m_Name: GameObject (6)
  m_TagString: Untagged
  m_Icon: {fileID: 0}
  m_NavMeshLayer: 0
  m_StaticEditorFlags: 0
  m_IsActive: 1
--- !u!4 &5081561693320015406
Transform:
  m_ObjectHideFlags: 0
  m_CorrespondingSourceObject: {fileID: 0}
  m_PrefabInstance: {fileID: 0}
  m_PrefabAsset: {fileID: 0}
  m_GameObject: {fileID: 1284089617674557975}
  m_LocalRotation: {x: 0.44956478, y: -0.000000031045523, z: 0.0000000054133498, w: 0.8932477}
  m_LocalPosition: {x: 0.20000076, y: 0.319, z: -0.052000046}
  m_LocalScale: {x: 1, y: 1, z: 1}
  m_ConstrainProportionsScale: 0
  m_Children: []
  m_Father: {fileID: 224089001036799991}
  m_RootOrder: -1
  m_LocalEulerAnglesHint: {x: 53.432, y: 0, z: 0}
--- !u!65 &6919174411592713195
BoxCollider:
  m_ObjectHideFlags: 0
  m_CorrespondingSourceObject: {fileID: 0}
  m_PrefabInstance: {fileID: 0}
  m_PrefabAsset: {fileID: 0}
  m_GameObject: {fileID: 1284089617674557975}
  m_Material: {fileID: 0}
  m_IncludeLayers:
    serializedVersion: 2
    m_Bits: 0
  m_ExcludeLayers:
    serializedVersion: 2
    m_Bits: 0
  m_LayerOverridePriority: 0
  m_IsTrigger: 0
  m_ProvidesContacts: 0
  m_Enabled: 1
  serializedVersion: 3
  m_Size: {x: 0.01, y: 0.020452619, z: 0.15}
  m_Center: {x: 0, y: 0, z: 0}
--- !u!1 &1398290333369053796
GameObject:
  m_ObjectHideFlags: 0
  m_CorrespondingSourceObject: {fileID: 0}
  m_PrefabInstance: {fileID: 0}
  m_PrefabAsset: {fileID: 0}
  serializedVersion: 6
  m_Component:
  - component: {fileID: 4468013758375840119}
  - component: {fileID: 3589000330644963145}
  m_Layer: 7
  m_Name: GameObject (4)
  m_TagString: Untagged
  m_Icon: {fileID: 0}
  m_NavMeshLayer: 0
  m_StaticEditorFlags: 0
  m_IsActive: 1
--- !u!4 &4468013758375840119
Transform:
  m_ObjectHideFlags: 0
  m_CorrespondingSourceObject: {fileID: 0}
  m_PrefabInstance: {fileID: 0}
  m_PrefabAsset: {fileID: 0}
  m_GameObject: {fileID: 1398290333369053796}
  m_LocalRotation: {x: 0.563418, y: -0.000000030060704, z: 0.00000000945956, w: 0.82617205}
  m_LocalPosition: {x: 0.20000076, y: 0.733, z: -0.2670002}
  m_LocalScale: {x: 1, y: 1, z: 1}
  m_ConstrainProportionsScale: 0
  m_Children: []
  m_Father: {fileID: 2210362993332371750}
  m_RootOrder: -1
  m_LocalEulerAnglesHint: {x: 68.585, y: 0, z: 0}
--- !u!65 &3589000330644963145
BoxCollider:
  m_ObjectHideFlags: 0
  m_CorrespondingSourceObject: {fileID: 0}
  m_PrefabInstance: {fileID: 0}
  m_PrefabAsset: {fileID: 0}
  m_GameObject: {fileID: 1398290333369053796}
  m_Material: {fileID: 0}
  m_IncludeLayers:
    serializedVersion: 2
    m_Bits: 0
  m_ExcludeLayers:
    serializedVersion: 2
    m_Bits: 0
  m_LayerOverridePriority: 0
  m_IsTrigger: 0
  m_ProvidesContacts: 0
  m_Enabled: 1
  serializedVersion: 3
  m_Size: {x: 0.01, y: 0.020452619, z: 0.27}
  m_Center: {x: 0, y: 0, z: 0}
--- !u!1 &1458785192517718625
GameObject:
  m_ObjectHideFlags: 0
  m_CorrespondingSourceObject: {fileID: 0}
  m_PrefabInstance: {fileID: 0}
  m_PrefabAsset: {fileID: 0}
  serializedVersion: 6
  m_Component:
  - component: {fileID: 9097877678470091191}
  - component: {fileID: 2511220112000293577}
  m_Layer: 7
  m_Name: GameObject (15)
  m_TagString: Untagged
  m_Icon: {fileID: 0}
  m_NavMeshLayer: 0
  m_StaticEditorFlags: 0
  m_IsActive: 1
--- !u!4 &9097877678470091191
Transform:
  m_ObjectHideFlags: 0
  m_CorrespondingSourceObject: {fileID: 0}
  m_PrefabInstance: {fileID: 0}
  m_PrefabAsset: {fileID: 0}
  m_GameObject: {fileID: 1458785192517718625}
  m_LocalRotation: {x: 0.968615, y: -0.000000016333232, z: 0.000000026950971, w: 0.2485662}
  m_LocalPosition: {x: -0.18400028, y: 0.303, z: 0.122}
  m_LocalScale: {x: 1, y: 1, z: 1}
  m_ConstrainProportionsScale: 0
  m_Children: []
  m_Father: {fileID: 8510528408019836160}
  m_RootOrder: -1
  m_LocalEulerAnglesHint: {x: 151.215, y: 0, z: 0}
--- !u!65 &2511220112000293577
BoxCollider:
  m_ObjectHideFlags: 0
  m_CorrespondingSourceObject: {fileID: 0}
  m_PrefabInstance: {fileID: 0}
  m_PrefabAsset: {fileID: 0}
  m_GameObject: {fileID: 1458785192517718625}
  m_Material: {fileID: 0}
  m_IncludeLayers:
    serializedVersion: 2
    m_Bits: 0
  m_ExcludeLayers:
    serializedVersion: 2
    m_Bits: 0
  m_LayerOverridePriority: 0
  m_IsTrigger: 0
  m_ProvidesContacts: 0
  m_Enabled: 1
  serializedVersion: 3
  m_Size: {x: 0.01, y: 0.028699765, z: 0.23283437}
  m_Center: {x: -5.0536546e-18, y: -0.0049309004, z: -0.00273978}
--- !u!1 &1598722790891129906
GameObject:
  m_ObjectHideFlags: 0
  m_CorrespondingSourceObject: {fileID: 0}
  m_PrefabInstance: {fileID: 0}
  m_PrefabAsset: {fileID: 0}
  serializedVersion: 6
  m_Component:
  - component: {fileID: 316811829131126939}
  - component: {fileID: 5740822530284882317}
  m_Layer: 7
  m_Name: GameObject (11)
  m_TagString: Untagged
  m_Icon: {fileID: 0}
  m_NavMeshLayer: 0
  m_StaticEditorFlags: 0
  m_IsActive: 1
--- !u!4 &316811829131126939
Transform:
  m_ObjectHideFlags: 0
  m_CorrespondingSourceObject: {fileID: 0}
  m_PrefabInstance: {fileID: 0}
  m_PrefabAsset: {fileID: 0}
  m_GameObject: {fileID: 1598722790891129906}
  m_LocalRotation: {x: 0.9316633, y: -0.000000019457811, z: 0.000000024789568, w: 0.36332294}
  m_LocalPosition: {x: 0.187, y: 0.191, z: -0.041}
  m_LocalScale: {x: 1, y: 1, z: 1}
  m_ConstrainProportionsScale: 0
  m_Children: []
  m_Father: {fileID: 8510528408019836160}
  m_RootOrder: -1
  m_LocalEulerAnglesHint: {x: 137.39099, y: 0, z: 0}
--- !u!65 &5740822530284882317
BoxCollider:
  m_ObjectHideFlags: 0
  m_CorrespondingSourceObject: {fileID: 0}
  m_PrefabInstance: {fileID: 0}
  m_PrefabAsset: {fileID: 0}
  m_GameObject: {fileID: 1598722790891129906}
  m_Material: {fileID: 0}
  m_IncludeLayers:
    serializedVersion: 2
    m_Bits: 0
  m_ExcludeLayers:
    serializedVersion: 2
    m_Bits: 0
  m_LayerOverridePriority: 0
  m_IsTrigger: 0
  m_ProvidesContacts: 0
  m_Enabled: 1
  serializedVersion: 3
  m_Size: {x: 0.01, y: 0.02493446, z: 0.20183271}
  m_Center: {x: 3.1635903e-17, y: -0.0022410657, z: 0.012761027}
--- !u!1 &2130388469382974495
GameObject:
  m_ObjectHideFlags: 0
  m_CorrespondingSourceObject: {fileID: 0}
  m_PrefabInstance: {fileID: 0}
  m_PrefabAsset: {fileID: 0}
  serializedVersion: 6
  m_Component:
  - component: {fileID: 6975861083738098899}
  - component: {fileID: 1882127251538615587}
  m_Layer: 7
  m_Name: GameObject (6)
  m_TagString: Untagged
  m_Icon: {fileID: 0}
  m_NavMeshLayer: 0
  m_StaticEditorFlags: 0
  m_IsActive: 1
--- !u!4 &6975861083738098899
Transform:
  m_ObjectHideFlags: 0
  m_CorrespondingSourceObject: {fileID: 0}
  m_PrefabInstance: {fileID: 0}
  m_PrefabAsset: {fileID: 0}
  m_GameObject: {fileID: 2130388469382974495}
  m_LocalRotation: {x: 0.44956478, y: -0.000000031045523, z: 0.0000000054133498, w: 0.8932477}
  m_LocalPosition: {x: 0.20000076, y: 0.319, z: -0.052000046}
  m_LocalScale: {x: 1, y: 1, z: 1}
  m_ConstrainProportionsScale: 0
  m_Children: []
  m_Father: {fileID: 2210362993332371750}
  m_RootOrder: -1
  m_LocalEulerAnglesHint: {x: 53.432, y: 0, z: 0}
--- !u!65 &1882127251538615587
BoxCollider:
  m_ObjectHideFlags: 0
  m_CorrespondingSourceObject: {fileID: 0}
  m_PrefabInstance: {fileID: 0}
  m_PrefabAsset: {fileID: 0}
  m_GameObject: {fileID: 2130388469382974495}
  m_Material: {fileID: 0}
  m_IncludeLayers:
    serializedVersion: 2
    m_Bits: 0
  m_ExcludeLayers:
    serializedVersion: 2
    m_Bits: 0
  m_LayerOverridePriority: 0
  m_IsTrigger: 0
  m_ProvidesContacts: 0
  m_Enabled: 1
  serializedVersion: 3
  m_Size: {x: 0.01, y: 0.020452619, z: 0.15}
  m_Center: {x: 0, y: 0, z: 0}
--- !u!1 &2988171460761479400
GameObject:
  m_ObjectHideFlags: 0
  m_CorrespondingSourceObject: {fileID: 0}
  m_PrefabInstance: {fileID: 0}
  m_PrefabAsset: {fileID: 0}
  serializedVersion: 6
  m_Component:
  - component: {fileID: 8071438296165998444}
  - component: {fileID: 731064504081528088}
  m_Layer: 7
  m_Name: GameObject (14)
  m_TagString: Untagged
  m_Icon: {fileID: 0}
  m_NavMeshLayer: 0
  m_StaticEditorFlags: 0
  m_IsActive: 1
--- !u!4 &8071438296165998444
Transform:
  m_ObjectHideFlags: 0
  m_CorrespondingSourceObject: {fileID: 0}
  m_PrefabInstance: {fileID: 0}
  m_PrefabAsset: {fileID: 0}
  m_GameObject: {fileID: 2988171460761479400}
  m_LocalRotation: {x: 0.9316633, y: -0.000000019457811, z: 0.000000024789568, w: 0.36332294}
  m_LocalPosition: {x: -0.18400028, y: 0.191, z: -0.041}
  m_LocalScale: {x: 1, y: 1, z: 1}
  m_ConstrainProportionsScale: 0
  m_Children: []
  m_Father: {fileID: 8510528408019836160}
  m_RootOrder: -1
  m_LocalEulerAnglesHint: {x: 137.39099, y: 0, z: 0}
--- !u!65 &731064504081528088
BoxCollider:
  m_ObjectHideFlags: 0
  m_CorrespondingSourceObject: {fileID: 0}
  m_PrefabInstance: {fileID: 0}
  m_PrefabAsset: {fileID: 0}
  m_GameObject: {fileID: 2988171460761479400}
  m_Material: {fileID: 0}
  m_IncludeLayers:
    serializedVersion: 2
    m_Bits: 0
  m_ExcludeLayers:
    serializedVersion: 2
    m_Bits: 0
  m_LayerOverridePriority: 0
  m_IsTrigger: 0
  m_ProvidesContacts: 0
  m_Enabled: 1
  serializedVersion: 3
  m_Size: {x: 0.01, y: 0.02493446, z: 0.20183271}
  m_Center: {x: 3.1635903e-17, y: -0.0022410657, z: 0.012761027}
--- !u!1 &3568201697525831689
GameObject:
  m_ObjectHideFlags: 0
  m_CorrespondingSourceObject: {fileID: 0}
  m_PrefabInstance: {fileID: 0}
  m_PrefabAsset: {fileID: 0}
  serializedVersion: 6
  m_Component:
  - component: {fileID: 4789333357997276702}
  - component: {fileID: 6221446068525735101}
  m_Layer: 7
  m_Name: GameObject (1)
  m_TagString: Untagged
  m_Icon: {fileID: 0}
  m_NavMeshLayer: 0
  m_StaticEditorFlags: 0
  m_IsActive: 1
--- !u!4 &4789333357997276702
Transform:
  m_ObjectHideFlags: 0
  m_CorrespondingSourceObject: {fileID: 0}
  m_PrefabInstance: {fileID: 0}
  m_PrefabAsset: {fileID: 0}
  m_GameObject: {fileID: 3568201697525831689}
  m_LocalRotation: {x: -0.037441667, y: -0.000000029802319, z: -0.000000010244547, w: 0.9992988}
  m_LocalPosition: {x: -0, y: 0.3873, z: 0.0287}
  m_LocalScale: {x: 1, y: 1, z: 1}
  m_ConstrainProportionsScale: 0
  m_Children: []
  m_Father: {fileID: 8510528408019836160}
  m_RootOrder: -1
  m_LocalEulerAnglesHint: {x: -4.292, y: 0, z: 0}
--- !u!65 &6221446068525735101
BoxCollider:
  m_ObjectHideFlags: 0
  m_CorrespondingSourceObject: {fileID: 0}
  m_PrefabInstance: {fileID: 0}
  m_PrefabAsset: {fileID: 0}
  m_GameObject: {fileID: 3568201697525831689}
  m_Material: {fileID: 0}
  m_IncludeLayers:
    serializedVersion: 2
    m_Bits: 0
  m_ExcludeLayers:
    serializedVersion: 2
    m_Bits: 0
  m_LayerOverridePriority: 0
  m_IsTrigger: 0
  m_ProvidesContacts: 0
  m_Enabled: 1
  serializedVersion: 3
  m_Size: {x: 0.4, y: 0.020452619, z: 0.14387974}
  m_Center: {x: 0, y: 0, z: 0}
--- !u!1 &4435676237168834978
GameObject:
  m_ObjectHideFlags: 0
  m_CorrespondingSourceObject: {fileID: 0}
  m_PrefabInstance: {fileID: 0}
  m_PrefabAsset: {fileID: 0}
  serializedVersion: 6
  m_Component:
  - component: {fileID: 8193591837328850963}
  - component: {fileID: 8093148714026019594}
  m_Layer: 7
  m_Name: GameObject (7)
  m_TagString: Untagged
  m_Icon: {fileID: 0}
  m_NavMeshLayer: 0
  m_StaticEditorFlags: 0
  m_IsActive: 1
--- !u!4 &8193591837328850963
Transform:
  m_ObjectHideFlags: 0
  m_CorrespondingSourceObject: {fileID: 0}
  m_PrefabInstance: {fileID: 0}
  m_PrefabAsset: {fileID: 0}
  m_GameObject: {fileID: 4435676237168834978}
  m_LocalRotation: {x: 0.43005905, y: -0.000000031155768, z: 0.0000000047378204, w: 0.9028008}
  m_LocalPosition: {x: 0.20000076, y: 0.201, z: 0.03700018}
  m_LocalScale: {x: 1, y: 1, z: 1}
  m_ConstrainProportionsScale: 0
  m_Children: []
  m_Father: {fileID: 2210362993332371750}
  m_RootOrder: -1
  m_LocalEulerAnglesHint: {x: 50.943, y: 0, z: 0}
--- !u!65 &8093148714026019594
BoxCollider:
  m_ObjectHideFlags: 0
  m_CorrespondingSourceObject: {fileID: 0}
  m_PrefabInstance: {fileID: 0}
  m_PrefabAsset: {fileID: 0}
  m_GameObject: {fileID: 4435676237168834978}
  m_Material: {fileID: 0}
  m_IncludeLayers:
    serializedVersion: 2
    m_Bits: 0
  m_ExcludeLayers:
    serializedVersion: 2
    m_Bits: 0
  m_LayerOverridePriority: 0
  m_IsTrigger: 0
  m_ProvidesContacts: 0
  m_Enabled: 1
  serializedVersion: 3
  m_Size: {x: 0.01, y: 0.020452619, z: 0.15}
  m_Center: {x: 0, y: 0, z: 0}
--- !u!1 &4741448552355663077
GameObject:
  m_ObjectHideFlags: 0
  m_CorrespondingSourceObject: {fileID: 0}
  m_PrefabInstance: {fileID: 0}
  m_PrefabAsset: {fileID: 0}
  serializedVersion: 6
  m_Component:
  - component: {fileID: 6366006441859268809}
  - component: {fileID: 8085936886906286043}
  m_Layer: 7
  m_Name: GameObject
  m_TagString: Untagged
  m_Icon: {fileID: 0}
  m_NavMeshLayer: 0
  m_StaticEditorFlags: 0
  m_IsActive: 1
--- !u!4 &6366006441859268809
Transform:
  m_ObjectHideFlags: 0
  m_CorrespondingSourceObject: {fileID: 0}
  m_PrefabInstance: {fileID: 0}
  m_PrefabAsset: {fileID: 0}
  m_GameObject: {fileID: 4741448552355663077}
  m_LocalRotation: {x: 0.0380861, y: -0, z: 9.313227e-10, w: 0.9992745}
  m_LocalPosition: {x: -0, y: 0.3868, z: 0.1658}
  m_LocalScale: {x: 1, y: 1, z: 1}
  m_ConstrainProportionsScale: 0
  m_Children: []
  m_Father: {fileID: 8510528408019836160}
  m_RootOrder: -1
  m_LocalEulerAnglesHint: {x: 4.365, y: 0, z: 0}
--- !u!65 &8085936886906286043
BoxCollider:
  m_ObjectHideFlags: 0
  m_CorrespondingSourceObject: {fileID: 0}
  m_PrefabInstance: {fileID: 0}
  m_PrefabAsset: {fileID: 0}
  m_GameObject: {fileID: 4741448552355663077}
  m_Material: {fileID: 0}
  m_IncludeLayers:
    serializedVersion: 2
    m_Bits: 0
  m_ExcludeLayers:
    serializedVersion: 2
    m_Bits: 0
  m_LayerOverridePriority: 0
  m_IsTrigger: 0
  m_ProvidesContacts: 0
  m_Enabled: 1
  serializedVersion: 3
  m_Size: {x: 0.4, y: 0.020452619, z: 0.14387974}
  m_Center: {x: 0, y: 0, z: 0}
--- !u!1 &5164434655968357868
GameObject:
  m_ObjectHideFlags: 0
  m_CorrespondingSourceObject: {fileID: 0}
  m_PrefabInstance: {fileID: 0}
  m_PrefabAsset: {fileID: 0}
  serializedVersion: 6
  m_Component:
  - component: {fileID: 1503482510173528525}
  - component: {fileID: 5152838669453488230}
  m_Layer: 7
  m_Name: GameObject (6)
  m_TagString: Untagged
  m_Icon: {fileID: 0}
  m_NavMeshLayer: 0
  m_StaticEditorFlags: 0
  m_IsActive: 1
--- !u!4 &1503482510173528525
Transform:
  m_ObjectHideFlags: 0
  m_CorrespondingSourceObject: {fileID: 0}
  m_PrefabInstance: {fileID: 0}
  m_PrefabAsset: {fileID: 0}
  m_GameObject: {fileID: 5164434655968357868}
  m_LocalRotation: {x: -0.87484854, y: -0, z: -0, w: 0.48439652}
  m_LocalPosition: {x: 0, y: 0.3529, z: -0.0824}
  m_LocalScale: {x: 1, y: 1, z: 1}
  m_ConstrainProportionsScale: 0
  m_Children: []
  m_Father: {fileID: 8510528408019836160}
  m_RootOrder: -1
  m_LocalEulerAnglesHint: {x: -122.054, y: 0, z: 0}
--- !u!65 &5152838669453488230
BoxCollider:
  m_ObjectHideFlags: 0
  m_CorrespondingSourceObject: {fileID: 0}
  m_PrefabInstance: {fileID: 0}
  m_PrefabAsset: {fileID: 0}
  m_GameObject: {fileID: 5164434655968357868}
  m_Material: {fileID: 0}
  m_IncludeLayers:
    serializedVersion: 2
    m_Bits: 0
  m_ExcludeLayers:
    serializedVersion: 2
    m_Bits: 0
  m_LayerOverridePriority: 0
  m_IsTrigger: 0
  m_ProvidesContacts: 0
  m_Enabled: 1
  serializedVersion: 3
  m_Size: {x: 0.3798313, y: 0.01954357, z: 0.030808829}
  m_Center: {x: 0.0037927628, y: -0.0004482598, z: -0.0067125782}
--- !u!1 &6931233400745531236
GameObject:
  m_ObjectHideFlags: 0
  m_CorrespondingSourceObject: {fileID: 0}
  m_PrefabInstance: {fileID: 0}
  m_PrefabAsset: {fileID: 0}
  serializedVersion: 6
  m_Component:
  - component: {fileID: 1845825682695728143}
  - component: {fileID: 2386155651240101604}
  m_Layer: 7
  m_Name: GameObject (8)
  m_TagString: Untagged
  m_Icon: {fileID: 0}
  m_NavMeshLayer: 0
  m_StaticEditorFlags: 0
  m_IsActive: 1
--- !u!4 &1845825682695728143
Transform:
  m_ObjectHideFlags: 0
  m_CorrespondingSourceObject: {fileID: 0}
  m_PrefabInstance: {fileID: 0}
  m_PrefabAsset: {fileID: 0}
  m_GameObject: {fileID: 6931233400745531236}
  m_LocalRotation: {x: 0.41299954, y: -0.000000031239384, z: 0.0000000041508823, w: 0.91073126}
  m_LocalPosition: {x: 0.20000076, y: 0.09099999, z: 0.13100004}
  m_LocalScale: {x: 1, y: 1, z: 1}
  m_ConstrainProportionsScale: 0
  m_Children: []
  m_Father: {fileID: 2210362993332371750}
  m_RootOrder: -1
  m_LocalEulerAnglesHint: {x: 48.787, y: 0, z: 0}
--- !u!65 &2386155651240101604
BoxCollider:
  m_ObjectHideFlags: 0
  m_CorrespondingSourceObject: {fileID: 0}
  m_PrefabInstance: {fileID: 0}
  m_PrefabAsset: {fileID: 0}
  m_GameObject: {fileID: 6931233400745531236}
  m_Material: {fileID: 0}
  m_IncludeLayers:
    serializedVersion: 2
    m_Bits: 0
  m_ExcludeLayers:
    serializedVersion: 2
    m_Bits: 0
  m_LayerOverridePriority: 0
  m_IsTrigger: 0
  m_ProvidesContacts: 0
  m_Enabled: 1
  serializedVersion: 3
  m_Size: {x: 0.01, y: 0.020452619, z: 0.18867739}
  m_Center: {x: -8.8140415e-17, y: 6.118003e-10, z: 0.019338675}
--- !u!1 &7036416315696132686
GameObject:
  m_ObjectHideFlags: 0
  m_CorrespondingSourceObject: {fileID: 0}
  m_PrefabInstance: {fileID: 0}
  m_PrefabAsset: {fileID: 0}
  serializedVersion: 6
  m_Component:
  - component: {fileID: 2210362993332371750}
  m_Layer: 7
  m_Name: GameObject (9)
  m_TagString: Untagged
  m_Icon: {fileID: 0}
  m_NavMeshLayer: 0
  m_StaticEditorFlags: 0
  m_IsActive: 1
--- !u!4 &2210362993332371750
Transform:
  m_ObjectHideFlags: 0
  m_CorrespondingSourceObject: {fileID: 0}
  m_PrefabInstance: {fileID: 0}
  m_PrefabAsset: {fileID: 0}
  m_GameObject: {fileID: 7036416315696132686}
  m_LocalRotation: {x: 0, y: 0, z: 0, w: 1}
  m_LocalPosition: {x: 0, y: 0, z: 0}
  m_LocalScale: {x: 1, y: 1, z: 1}
  m_ConstrainProportionsScale: 0
  m_Children:
  - {fileID: 4468013758375840119}
  - {fileID: 234729984518530117}
  - {fileID: 6975861083738098899}
  - {fileID: 8193591837328850963}
  - {fileID: 1845825682695728143}
  m_Father: {fileID: 8510528408019836160}
  m_RootOrder: -1
  m_LocalEulerAnglesHint: {x: 0, y: 0, z: 0}
--- !u!1 &8090545276769608616
GameObject:
  m_ObjectHideFlags: 0
  m_CorrespondingSourceObject: {fileID: 0}
  m_PrefabInstance: {fileID: 0}
  m_PrefabAsset: {fileID: 0}
  serializedVersion: 6
  m_Component:
  - component: {fileID: 234729984518530117}
  - component: {fileID: 5235341290634469398}
  m_Layer: 7
  m_Name: GameObject (5)
  m_TagString: Untagged
  m_Icon: {fileID: 0}
  m_NavMeshLayer: 0
  m_StaticEditorFlags: 0
  m_IsActive: 1
--- !u!4 &234729984518530117
Transform:
  m_ObjectHideFlags: 0
  m_CorrespondingSourceObject: {fileID: 0}
  m_PrefabInstance: {fileID: 0}
  m_PrefabAsset: {fileID: 0}
  m_GameObject: {fileID: 8090545276769608616}
  m_LocalRotation: {x: 0.51756984, y: -0.000000030531428, z: 0.00000000780775, w: 0.855641}
  m_LocalPosition: {x: 0.20000076, y: 0.494, z: -0.15600014}
  m_LocalScale: {x: 1, y: 1, z: 1}
  m_ConstrainProportionsScale: 0
  m_Children: []
  m_Father: {fileID: 2210362993332371750}
  m_RootOrder: -1
  m_LocalEulerAnglesHint: {x: 62.339, y: 0, z: 0}
--- !u!65 &5235341290634469398
BoxCollider:
  m_ObjectHideFlags: 0
  m_CorrespondingSourceObject: {fileID: 0}
  m_PrefabInstance: {fileID: 0}
  m_PrefabAsset: {fileID: 0}
  m_GameObject: {fileID: 8090545276769608616}
  m_Material: {fileID: 0}
  m_IncludeLayers:
    serializedVersion: 2
    m_Bits: 0
  m_ExcludeLayers:
    serializedVersion: 2
    m_Bits: 0
  m_LayerOverridePriority: 0
  m_IsTrigger: 0
  m_ProvidesContacts: 0
  m_Enabled: 1
  serializedVersion: 3
  m_Size: {x: 0.01, y: 0.020452619, z: 0.27}
  m_Center: {x: 0, y: 0, z: 0}
--- !u!1 &8440132022016366141
GameObject:
  m_ObjectHideFlags: 0
  m_CorrespondingSourceObject: {fileID: 0}
  m_PrefabInstance: {fileID: 0}
  m_PrefabAsset: {fileID: 0}
  serializedVersion: 6
  m_Component:
  - component: {fileID: 2271011434097218577}
  - component: {fileID: 6022531420091723994}
  m_Layer: 7
  m_Name: GameObject (4)
  m_TagString: Untagged
  m_Icon: {fileID: 0}
  m_NavMeshLayer: 0
  m_StaticEditorFlags: 0
  m_IsActive: 1
--- !u!4 &2271011434097218577
Transform:
  m_ObjectHideFlags: 0
  m_CorrespondingSourceObject: {fileID: 0}
  m_PrefabInstance: {fileID: 0}
  m_PrefabAsset: {fileID: 0}
  m_GameObject: {fileID: 8440132022016366141}
  m_LocalRotation: {x: -0.43922198, y: -0, z: -0, w: 0.8983786}
  m_LocalPosition: {x: 0, y: 0.066, z: -0.163}
  m_LocalScale: {x: 1, y: 1, z: 1}
  m_ConstrainProportionsScale: 0
  m_Children: []
  m_Father: {fileID: 8510528408019836160}
  m_RootOrder: -1
  m_LocalEulerAnglesHint: {x: -52.109, y: 0, z: 0}
--- !u!65 &6022531420091723994
BoxCollider:
  m_ObjectHideFlags: 0
  m_CorrespondingSourceObject: {fileID: 0}
  m_PrefabInstance: {fileID: 0}
  m_PrefabAsset: {fileID: 0}
  m_GameObject: {fileID: 8440132022016366141}
  m_Material: {fileID: 0}
  m_IncludeLayers:
    serializedVersion: 2
    m_Bits: 0
  m_ExcludeLayers:
    serializedVersion: 2
    m_Bits: 0
  m_LayerOverridePriority: 0
  m_IsTrigger: 0
  m_ProvidesContacts: 0
  m_Enabled: 1
  serializedVersion: 3
  m_Size: {x: 0.3798313, y: 0.01954357, z: 0.030808829}
  m_Center: {x: 0.0037927628, y: -0.0004482598, z: -0.0067125782}
--- !u!1 &8464729880639020675
GameObject:
  m_ObjectHideFlags: 0
  m_CorrespondingSourceObject: {fileID: 0}
  m_PrefabInstance: {fileID: 0}
  m_PrefabAsset: {fileID: 0}
  serializedVersion: 6
  m_Component:
  - component: {fileID: 8677680544737560586}
  - component: {fileID: 870835509097788014}
  m_Layer: 7
  m_Name: GameObject (9)
  m_TagString: Untagged
  m_Icon: {fileID: 0}
  m_NavMeshLayer: 0
  m_StaticEditorFlags: 0
  m_IsActive: 1
--- !u!4 &8677680544737560586
Transform:
  m_ObjectHideFlags: 0
  m_CorrespondingSourceObject: {fileID: 0}
  m_PrefabInstance: {fileID: 0}
  m_PrefabAsset: {fileID: 0}
  m_GameObject: {fileID: 8464729880639020675}
  m_LocalRotation: {x: 0.89922345, y: -0.000000021399147, z: 0.000000023134504, w: 0.43748966}
  m_LocalPosition: {x: 0.187, y: 0.091, z: -0.141}
  m_LocalScale: {x: 1, y: 1, z: 1}
  m_ConstrainProportionsScale: 0
  m_Children: []
  m_Father: {fileID: 8510528408019836160}
  m_RootOrder: -1
  m_LocalEulerAnglesHint: {x: 128.112, y: 0, z: 0}
--- !u!65 &870835509097788014
BoxCollider:
  m_ObjectHideFlags: 0
  m_CorrespondingSourceObject: {fileID: 0}
  m_PrefabInstance: {fileID: 0}
  m_PrefabAsset: {fileID: 0}
  m_GameObject: {fileID: 8464729880639020675}
  m_Material: {fileID: 0}
  m_IncludeLayers:
    serializedVersion: 2
    m_Bits: 0
  m_ExcludeLayers:
    serializedVersion: 2
    m_Bits: 0
  m_LayerOverridePriority: 0
  m_IsTrigger: 0
  m_ProvidesContacts: 0
  m_Enabled: 1
  serializedVersion: 3
  m_Size: {x: 0.01, y: 0.02493446, z: 0.14693445}
  m_Center: {x: -1.8081606e-16, y: -0.0022410061, z: 0.04021015}
--- !u!1 &8682014440023628695
GameObject:
  m_ObjectHideFlags: 0
  m_CorrespondingSourceObject: {fileID: 0}
  m_PrefabInstance: {fileID: 0}
  m_PrefabAsset: {fileID: 0}
  serializedVersion: 6
  m_Component:
  - component: {fileID: 5685062888759172587}
  - component: {fileID: 7898570255567952770}
  m_Layer: 7
  m_Name: GameObject (4)
  m_TagString: Untagged
  m_Icon: {fileID: 0}
  m_NavMeshLayer: 0
  m_StaticEditorFlags: 0
  m_IsActive: 1
--- !u!4 &5685062888759172587
Transform:
  m_ObjectHideFlags: 0
  m_CorrespondingSourceObject: {fileID: 0}
  m_PrefabInstance: {fileID: 0}
  m_PrefabAsset: {fileID: 0}
  m_GameObject: {fileID: 8682014440023628695}
  m_LocalRotation: {x: 0.563418, y: -0.000000030060704, z: 0.00000000945956, w: 0.82617205}
  m_LocalPosition: {x: 0.20000076, y: 0.733, z: -0.2670002}
  m_LocalScale: {x: 1, y: 1, z: 1}
  m_ConstrainProportionsScale: 0
  m_Children: []
  m_Father: {fileID: 224089001036799991}
  m_RootOrder: -1
  m_LocalEulerAnglesHint: {x: 68.585, y: 0, z: 0}
--- !u!65 &7898570255567952770
BoxCollider:
  m_ObjectHideFlags: 0
  m_CorrespondingSourceObject: {fileID: 0}
  m_PrefabInstance: {fileID: 0}
  m_PrefabAsset: {fileID: 0}
  m_GameObject: {fileID: 8682014440023628695}
  m_Material: {fileID: 0}
  m_IncludeLayers:
    serializedVersion: 2
    m_Bits: 0
  m_ExcludeLayers:
    serializedVersion: 2
    m_Bits: 0
  m_LayerOverridePriority: 0
  m_IsTrigger: 0
  m_ProvidesContacts: 0
  m_Enabled: 1
  serializedVersion: 3
  m_Size: {x: 0.01, y: 0.020452619, z: 0.27}
  m_Center: {x: 0, y: 0, z: 0}
--- !u!1 &8691368830687475871
GameObject:
  m_ObjectHideFlags: 0
  m_CorrespondingSourceObject: {fileID: 0}
  m_PrefabInstance: {fileID: 0}
  m_PrefabAsset: {fileID: 0}
  serializedVersion: 6
  m_Component:
  - component: {fileID: 462700308946134218}
  - component: {fileID: 890503755103923347}
  m_Layer: 7
  m_Name: GameObject (7)
  m_TagString: Untagged
  m_Icon: {fileID: 0}
  m_NavMeshLayer: 0
  m_StaticEditorFlags: 0
  m_IsActive: 1
--- !u!4 &462700308946134218
Transform:
  m_ObjectHideFlags: 0
  m_CorrespondingSourceObject: {fileID: 0}
  m_PrefabInstance: {fileID: 0}
  m_PrefabAsset: {fileID: 0}
  m_GameObject: {fileID: 8691368830687475871}
  m_LocalRotation: {x: 0.43005905, y: -0.000000031155768, z: 0.0000000047378204, w: 0.9028008}
  m_LocalPosition: {x: 0.20000076, y: 0.201, z: 0.03700018}
  m_LocalScale: {x: 1, y: 1, z: 1}
  m_ConstrainProportionsScale: 0
  m_Children: []
  m_Father: {fileID: 224089001036799991}
  m_RootOrder: -1
  m_LocalEulerAnglesHint: {x: 50.943, y: 0, z: 0}
--- !u!65 &890503755103923347
BoxCollider:
  m_ObjectHideFlags: 0
  m_CorrespondingSourceObject: {fileID: 0}
  m_PrefabInstance: {fileID: 0}
  m_PrefabAsset: {fileID: 0}
  m_GameObject: {fileID: 8691368830687475871}
  m_Material: {fileID: 0}
  m_IncludeLayers:
    serializedVersion: 2
    m_Bits: 0
  m_ExcludeLayers:
    serializedVersion: 2
    m_Bits: 0
  m_LayerOverridePriority: 0
  m_IsTrigger: 0
  m_ProvidesContacts: 0
  m_Enabled: 1
  serializedVersion: 3
  m_Size: {x: 0.01, y: 0.020452619, z: 0.15}
  m_Center: {x: 0, y: 0, z: 0}
--- !u!1 &8842931531255026330
GameObject:
  m_ObjectHideFlags: 0
  m_CorrespondingSourceObject: {fileID: 0}
  m_PrefabInstance: {fileID: 0}
  m_PrefabAsset: {fileID: 0}
  serializedVersion: 6
  m_Component:
  - component: {fileID: 6742352006834116816}
  - component: {fileID: 497740629705787992}
  m_Layer: 7
  m_Name: GameObject (13)
  m_TagString: Untagged
  m_Icon: {fileID: 0}
  m_NavMeshLayer: 0
  m_StaticEditorFlags: 0
  m_IsActive: 1
--- !u!4 &6742352006834116816
Transform:
  m_ObjectHideFlags: 0
  m_CorrespondingSourceObject: {fileID: 0}
  m_PrefabInstance: {fileID: 0}
  m_PrefabAsset: {fileID: 0}
  m_GameObject: {fileID: 8842931531255026330}
  m_LocalRotation: {x: 0.89922345, y: -0.000000021399147, z: 0.000000023134504, w: 0.43748966}
  m_LocalPosition: {x: -0.184, y: 0.091, z: -0.141}
  m_LocalScale: {x: 1, y: 1, z: 1}
  m_ConstrainProportionsScale: 0
  m_Children: []
  m_Father: {fileID: 8510528408019836160}
  m_RootOrder: -1
  m_LocalEulerAnglesHint: {x: 128.112, y: 0, z: 0}
--- !u!65 &497740629705787992
BoxCollider:
  m_ObjectHideFlags: 0
  m_CorrespondingSourceObject: {fileID: 0}
  m_PrefabInstance: {fileID: 0}
  m_PrefabAsset: {fileID: 0}
  m_GameObject: {fileID: 8842931531255026330}
  m_Material: {fileID: 0}
  m_IncludeLayers:
    serializedVersion: 2
    m_Bits: 0
  m_ExcludeLayers:
    serializedVersion: 2
    m_Bits: 0
  m_LayerOverridePriority: 0
  m_IsTrigger: 0
  m_ProvidesContacts: 0
  m_Enabled: 1
  serializedVersion: 3
  m_Size: {x: 0.01, y: 0.02493446, z: 0.14693445}
  m_Center: {x: -1.8081606e-16, y: -0.0022410061, z: 0.04021015}
--- !u!1001 &8183534214060833515
PrefabInstance:
  m_ObjectHideFlags: 0
  serializedVersion: 2
  m_Modification:
    serializedVersion: 3
    m_TransformParent: {fileID: 0}
    m_Modifications:
    - target: {fileID: -8679921383154817045, guid: ac5ca29702583d9eb8e50e7bca7e5215, type: 3}
      propertyPath: m_RootOrder
      value: -1
      objectReference: {fileID: 0}
    - target: {fileID: -8679921383154817045, guid: ac5ca29702583d9eb8e50e7bca7e5215, type: 3}
      propertyPath: m_LocalPosition.x
      value: -0.185
      objectReference: {fileID: 0}
    - target: {fileID: -8679921383154817045, guid: ac5ca29702583d9eb8e50e7bca7e5215, type: 3}
      propertyPath: m_LocalPosition.y
      value: 0
      objectReference: {fileID: 0}
    - target: {fileID: -8679921383154817045, guid: ac5ca29702583d9eb8e50e7bca7e5215, type: 3}
      propertyPath: m_LocalPosition.z
      value: -0.214
      objectReference: {fileID: 0}
    - target: {fileID: -8679921383154817045, guid: ac5ca29702583d9eb8e50e7bca7e5215, type: 3}
      propertyPath: m_LocalRotation.w
      value: 0.9951352
      objectReference: {fileID: 0}
    - target: {fileID: -8679921383154817045, guid: ac5ca29702583d9eb8e50e7bca7e5215, type: 3}
      propertyPath: m_LocalRotation.x
      value: -0
      objectReference: {fileID: 0}
    - target: {fileID: -8679921383154817045, guid: ac5ca29702583d9eb8e50e7bca7e5215, type: 3}
      propertyPath: m_LocalRotation.y
      value: 0.09851907
      objectReference: {fileID: 0}
    - target: {fileID: -8679921383154817045, guid: ac5ca29702583d9eb8e50e7bca7e5215, type: 3}
      propertyPath: m_LocalRotation.z
      value: -0
      objectReference: {fileID: 0}
    - target: {fileID: -8679921383154817045, guid: ac5ca29702583d9eb8e50e7bca7e5215, type: 3}
      propertyPath: m_LocalEulerAnglesHint.x
      value: 0
      objectReference: {fileID: 0}
    - target: {fileID: -8679921383154817045, guid: ac5ca29702583d9eb8e50e7bca7e5215, type: 3}
      propertyPath: m_LocalEulerAnglesHint.y
      value: 11.308
      objectReference: {fileID: 0}
    - target: {fileID: -8679921383154817045, guid: ac5ca29702583d9eb8e50e7bca7e5215, type: 3}
      propertyPath: m_LocalEulerAnglesHint.z
      value: 0
      objectReference: {fileID: 0}
    - target: {fileID: 919132149155446097, guid: ac5ca29702583d9eb8e50e7bca7e5215, type: 3}
      propertyPath: m_Name
      value: Outdoor_Table_Set_01_Chair
      objectReference: {fileID: 0}
    - target: {fileID: 919132149155446097, guid: ac5ca29702583d9eb8e50e7bca7e5215, type: 3}
      propertyPath: m_Layer
      value: 7
      objectReference: {fileID: 0}
    m_RemovedComponents: []
    m_RemovedGameObjects: []
    m_AddedGameObjects:
    - targetCorrespondingSourceObject: {fileID: -8679921383154817045, guid: ac5ca29702583d9eb8e50e7bca7e5215, type: 3}
      insertIndex: -1
      addedObject: {fileID: 6366006441859268809}
    - targetCorrespondingSourceObject: {fileID: -8679921383154817045, guid: ac5ca29702583d9eb8e50e7bca7e5215, type: 3}
      insertIndex: -1
      addedObject: {fileID: 4789333357997276702}
    - targetCorrespondingSourceObject: {fileID: -8679921383154817045, guid: ac5ca29702583d9eb8e50e7bca7e5215, type: 3}
      insertIndex: -1
      addedObject: {fileID: 9059106517976072292}
    - targetCorrespondingSourceObject: {fileID: -8679921383154817045, guid: ac5ca29702583d9eb8e50e7bca7e5215, type: 3}
      insertIndex: -1
      addedObject: {fileID: 5639021430925020944}
    - targetCorrespondingSourceObject: {fileID: -8679921383154817045, guid: ac5ca29702583d9eb8e50e7bca7e5215, type: 3}
      insertIndex: -1
      addedObject: {fileID: 2210362993332371750}
    - targetCorrespondingSourceObject: {fileID: -8679921383154817045, guid: ac5ca29702583d9eb8e50e7bca7e5215, type: 3}
      insertIndex: -1
      addedObject: {fileID: 224089001036799991}
    - targetCorrespondingSourceObject: {fileID: -8679921383154817045, guid: ac5ca29702583d9eb8e50e7bca7e5215, type: 3}
      insertIndex: -1
      addedObject: {fileID: 8677680544737560586}
    - targetCorrespondingSourceObject: {fileID: -8679921383154817045, guid: ac5ca29702583d9eb8e50e7bca7e5215, type: 3}
      insertIndex: -1
      addedObject: {fileID: 316811829131126939}
    - targetCorrespondingSourceObject: {fileID: -8679921383154817045, guid: ac5ca29702583d9eb8e50e7bca7e5215, type: 3}
      insertIndex: -1
      addedObject: {fileID: 8021932182378012089}
    - targetCorrespondingSourceObject: {fileID: -8679921383154817045, guid: ac5ca29702583d9eb8e50e7bca7e5215, type: 3}
      insertIndex: -1
      addedObject: {fileID: 6742352006834116816}
    - targetCorrespondingSourceObject: {fileID: -8679921383154817045, guid: ac5ca29702583d9eb8e50e7bca7e5215, type: 3}
      insertIndex: -1
      addedObject: {fileID: 8071438296165998444}
    - targetCorrespondingSourceObject: {fileID: -8679921383154817045, guid: ac5ca29702583d9eb8e50e7bca7e5215, type: 3}
      insertIndex: -1
      addedObject: {fileID: 9097877678470091191}
    - targetCorrespondingSourceObject: {fileID: -8679921383154817045, guid: ac5ca29702583d9eb8e50e7bca7e5215, type: 3}
      insertIndex: -1
      addedObject: {fileID: 2271011434097218577}
    - targetCorrespondingSourceObject: {fileID: -8679921383154817045, guid: ac5ca29702583d9eb8e50e7bca7e5215, type: 3}
      insertIndex: -1
      addedObject: {fileID: 8569320943556729636}
    - targetCorrespondingSourceObject: {fileID: -8679921383154817045, guid: ac5ca29702583d9eb8e50e7bca7e5215, type: 3}
      insertIndex: -1
      addedObject: {fileID: 1503482510173528525}
    m_AddedComponents:
    - targetCorrespondingSourceObject: {fileID: 919132149155446097, guid: ac5ca29702583d9eb8e50e7bca7e5215, type: 3}
      insertIndex: -1
      addedObject: {fileID: -3876422772280697964}
    - targetCorrespondingSourceObject: {fileID: 919132149155446097, guid: ac5ca29702583d9eb8e50e7bca7e5215, type: 3}
      insertIndex: -1
      addedObject: {fileID: 8483892852339535796}
    - targetCorrespondingSourceObject: {fileID: 919132149155446097, guid: ac5ca29702583d9eb8e50e7bca7e5215, type: 3}
      insertIndex: -1
      addedObject: {fileID: 7705466453572815838}
  m_SourcePrefab: {fileID: 100100000, guid: ac5ca29702583d9eb8e50e7bca7e5215, type: 3}
--- !u!4 &8510528408019836160 stripped
Transform:
  m_CorrespondingSourceObject: {fileID: -8679921383154817045, guid: ac5ca29702583d9eb8e50e7bca7e5215, type: 3}
  m_PrefabInstance: {fileID: 8183534214060833515}
  m_PrefabAsset: {fileID: 0}
--- !u!1 &9029902879356667834 stripped
GameObject:
  m_CorrespondingSourceObject: {fileID: 919132149155446097, guid: ac5ca29702583d9eb8e50e7bca7e5215, type: 3}
  m_PrefabInstance: {fileID: 8183534214060833515}
  m_PrefabAsset: {fileID: 0}
--- !u!54 &-3876422772280697964
Rigidbody:
  m_ObjectHideFlags: 0
  m_CorrespondingSourceObject: {fileID: 0}
  m_PrefabInstance: {fileID: 0}
  m_PrefabAsset: {fileID: 0}
  m_GameObject: {fileID: 9029902879356667834}
  serializedVersion: 4
  m_Mass: 2
  m_Drag: 0
  m_AngularDrag: 0.05
  m_CenterOfMass: {x: 0, y: 0.24, z: 0}
  m_InertiaTensor: {x: 1, y: 1, z: 1}
  m_InertiaRotation: {x: 0, y: 0, z: 0, w: 1}
  m_IncludeLayers:
    serializedVersion: 2
    m_Bits: 0
  m_ExcludeLayers:
    serializedVersion: 2
    m_Bits: 0
  m_ImplicitCom: 0
  m_ImplicitTensor: 1
  m_UseGravity: 1
  m_IsKinematic: 0
  m_Interpolate: 0
  m_Constraints: 0
  m_CollisionDetection: 0
--- !u!114 &8483892852339535796
MonoBehaviour:
  m_ObjectHideFlags: 0
  m_CorrespondingSourceObject: {fileID: 0}
  m_PrefabInstance: {fileID: 0}
  m_PrefabAsset: {fileID: 0}
  m_GameObject: {fileID: 9029902879356667834}
  m_Enabled: 1
  m_EditorHideFlags: 0
  m_Script: {fileID: 11500000, guid: 0c73b9e8718a4e4bab579bbea71e1bad, type: 3}
  m_Name: 
  m_EditorClassIdentifier: 
  data: {fileID: 0}
  allowAdoption: 1
  allowGrab: 1
  allowStash: 1
  torqueScale: 1
--- !u!114 &7705466453572815838
MonoBehaviour:
  m_ObjectHideFlags: 0
  m_CorrespondingSourceObject: {fileID: 0}
  m_PrefabInstance: {fileID: 0}
  m_PrefabAsset: {fileID: 0}
  m_GameObject: {fileID: 9029902879356667834}
  m_Enabled: 1
  m_EditorHideFlags: 0
  m_Script: {fileID: 11500000, guid: 9b23c28a560958340bf96904c8705fb2, type: 3}
  m_Name: 
  m_EditorClassIdentifier: 
  pool: {fileID: 11400000, guid: 24084977c9011ddcdb4c532a836e5d85, type: 2}
  softImpactThreshold: 0.5
  hardImpactThreshold: 2
  scaleByMagnitude: 1
  volumeMagnitudeScale: 0.2
